<?xml version="1.0" encoding="UTF-8"?><record xmlns="http://www.loc.gov/MARC21/slim" xmlns:cinclude="http://apache.org/cocoon/include/1.0" xmlns:zs="http://www.loc.gov/zing/srw/">
  <leader>00982nz  a2200181n  4500</leader>
  <controlfield tag="001">no2013061816</controlfield>
  <controlfield tag="003">DLC</controlfield>
  <controlfield tag="005">20130607073525.0</controlfield>
  <controlfield tag="008">130606n| azannaabn          |a ana      </controlfield>
  <datafield tag="010" ind1=" " ind2=" ">
    <subfield code="a">no2013061816</subfield>
  </datafield>
  <datafield tag="035" ind1=" " ind2=" ">
    <subfield code="a">(OCoLC)oca09490093</subfield>
  </datafield>
  <datafield tag="040" ind1=" " ind2=" ">
    <subfield code="a">DLC-S</subfield>
    <subfield code="b">eng</subfield>
    <subfield code="e">rda</subfield>
    <subfield code="c">DLC-S</subfield>
  </datafield>
  <datafield tag="110" ind1="2" ind2=" ">
    <subfield code="a">Coordonnateur résident des Nations Unies et représentant du PNUD en République du Congo (Brazzaville)</subfield>
  </datafield>
  <datafield tag="370" ind1=" " ind2=" ">
    <subfield code="c">Congo (Brazzaville)</subfield>
    <subfield code="e">Brazzaville, Congo</subfield>
  </datafield>
  <datafield tag="377" ind1=" " ind2=" ">
    <subfield code="a">fre</subfield>
  </datafield>
  <datafield tag="410" ind1="2" ind2=" ">
    <subfield code="a">United Nations.</subfield>
    <subfield code="b">Coordonnateur résident des Nations Unies et représentant du PNUD en République du Congo (Brazzaville)</subfield>
  </datafield>
  <datafield tag="410" ind1="2" ind2=" ">
    <subfield code="a">United Nations Development Programme.</subfield>
    <subfield code="b">Coordonnateur résident des Nations Unies et représentant du PNUD en République du Congo (Brazzaville)</subfield>
  </datafield>
  <datafield tag="670" ind1=" " ind2=" ">
    <subfield code="a">Rapport national sur le développement humain ... République du Congo, 2002:</subfield>
    <subfield code="b">t.p. (Brazzaville; PNUD) page iv (Coordonnateur résident des Nations Unies et représentant du PNUD en République du Congo)</subfield>
  </datafield>
</record>